@book{symmetry,
author = {Ross Garrett},
publisher = {Sheridan House},
isbn = {9781574090000},
title = {The Symmetry of Sailing: The Physics of Sailing for Yachtsmen},
year = {1996},
}

@misc{tao,
  title = {Sailing into the wind, or faster than the wind},
  author = {Terence Tao},
  year = {2009},
  month = {March},
  howpublished = {\url{https://terrytao.wordpress.com/2009/03/23/sailing-into-the-wind-or-faster-than-the-wind/}},
  note = {Blog post. Accessed: 2021-06-25}
}

@book{kusse,
author = {Bruce R. Kusse and Erik A. Westwig},
publisher = {John Wiley \& Sons, Ltd},
isbn = {9783527618132},
title = {Mathematical Physics},
year = {2006},
}